@article{anderson2010efficiency,
  title={Efficiency matters!},
  author={Anderson, Eric and Tucek, Joseph},
  journal={ACM SIGOPS Operating Systems Review},
  volume={44},
  number={1},
  pages={40--45},
  year={2010},
  publisher={ACM}
}

@inproceedings{nesmachnow2011time,
  title={Time analysis of standard evolutionary algorithms as software programs},
  author={Nesmachnow, Sergio and Luna, Francisco and Alba, Enrique},
  booktitle={Intelligent Systems Design and Applications (ISDA), 2011 11th International Conference on},
  pages={271--276},
  year={2011},
  organization={IEEE}
}

@article{prechelt2000empirical,
  title={An empirical comparison of seven programming languages},
  author={Prechelt, Lutz},
  journal={Computer},
  volume={33},
  number={10},
  pages={23--29},
  year={2000},
  publisher={IEEE}
}

@misc{fulghamcomputer,
  title={The Computer Language Benchmarks Game},
  year=2010,
  author={Fulgham, Brent and Gouy, Isaac},
  url={http://shootout.alioth.debian.org}
}

@TechReport{tiobe15,
  author = 	 {TIOBE},
  title = 	 {TIOBE index for October 2015},
  institution =  {TIOBE},
  year = 	 2015,
  url = {http://www.tiobe.com/index.php/content/paperinfo/tpci/index.html},
  month = 	 {October}}

@INPROCEEDINGS{6755355,
author={Oluwagbemi, O. and Adewumi, A. and Misra, S. and Majekodunmi, F. and Fernandez, L.},
booktitle={Computational Science and Engineering (CSE), 2013 IEEE 16th International Conference on},
title={An Analysis of Scripting Languages for Research in Applied Computing},
year={2013},
pages={1174-1180},
keywords={authoring languages;bioinformatics;software engineering;applied computing;bioinformatics;computational biology;scripting languages;software engineering;Bioinformatics;Computational biology;Java;Programming;Software;Software engineering;applied computing;open source;scripting languages},
doi={10.1109/CSE.2013.174},
month={Dec},}

@incollection{awk,
  title={Evolving regular expressions for {GeneChip} probe performance prediction},
  author={Langdon, William B and Harrison, Andrew P},
  booktitle={Parallel Problem Solving from Nature--PPSN X},
  pages={1061--1070},
  year={2008},
  publisher={Springer}
}

@INPROCEEDINGS{1515367,
author={Wonjae Lee and Hak-Young Kim},
booktitle={Computer and Information Science, 2005. Fourth Annual ACIS International Conference on},
title={Genetic algorithm implementation in {Python}},
year={2005},
pages={8-11},
keywords={authoring languages;genetic algorithms;object-oriented languages;search problems;software tools;C language;C++ language;Java language;Python;genetic algorithm;list processing;natural genetics;natural selection;probabilistic search algorithm;program tool;string processing;Biological cells;Functional programming;Genetic algorithms;Genetic mutations;Java;Libraries;Object oriented programming;Productivity;Programming profession;Prototypes},
doi={10.1109/ICIS.2005.69},
month={},}

@inproceedings{KappaArch,
 author = {Erb, Benjamin and Kargl, Frank},
 title = {A Conceptual Model for Event-sourced Graph Computing},
 booktitle = {Proceedings of the 9th ACM International Conference on Distributed Event-Based Systems},
 series = {DEBS '15},
 year = {2015},
 isbn = {978-1-4503-3286-6},
 location = {Oslo, Norway},
 pages = {352--355},
 numpages = {4},
 url = {http://doi.acm.org/10.1145/2675743.2776773},
 doi = {10.1145/2675743.2776773},
 acmid = {2776773},
 publisher = {ACM},
 address = {New York, NY, USA},
 keywords = {batch processing, event processing, event sourcing, event-driven architecture, graph computing},
} 

@techreport{odersky2004overview,
  title={An overview of the {Scala} programming language},
  author={Odersky, Martin and Altherr, Philippe and Cremet, Vincent and Emir, Burak and Maneth, Sebastian and Micheloud, St{\'e}phane and Mihaylov, Nikolay and Schinz, Michel and Stenman, Erik and Zenger, Matthias},
  year={2004},
institution={EPFL-Lausanne}
}

@article{bezanson2012julia,
  title={Julia: A fast dynamic language for technical computing},
  author={Bezanson, Jeff and Karpinski, Stefan and Shah, Viral B and Edelman, Alan},
  journal={arXiv preprint arXiv:1209.5145},
  year={2012}
}

@Unpublished{pike2009go,
  title={The Go Programming Language},
  author={Pike, Rob},
  note={Talk given at Googleâ€™s Tech Talks},
  year={2009}
}

@article{ierusalimschy1996lua,
  title={Lua-an extensible extension language},
  author={Ierusalimschy, Roberto and De Figueiredo, Luiz Henrique and Celes Filho, Waldemar},
  journal={Softw., Pract. Exper.},
  volume={26},
  number={6},
  pages={635--652},
  year={1996},
  publisher={Citeseer}
}

@incollection{alba2002mallba,
  title={{MALLBA}: A library of skeletons for combinatorial optimisation},
  author={Alba, Enrique and Almeida, Francisco and Blesa, M and Cabeza, J and Cotta, Carlos and D{\'\i}az, Manuel and Dorta, Isabel and Gabarr{\'o}, Joaquim and Le{\'o}n, Coromoto and Luna, J and others},
  booktitle={Euro-Par 2002 Parallel Processing},
  pages={927--932},
  year={2002},
  publisher={Springer}
}

@article{fortin2012deap,
  title={{DEAP}: Evolutionary algorithms made easy},
  author={Fortin, F{\'e}lix-Antoine and Rainville, De and Gardner, Marc-Andr{\'e} Gardner and Parizeau, Marc and Gagn{\'e}, Christian and others},
  journal={The Journal of Machine Learning Research},
  volume={13},
  number={1},
  pages={2171--2175},
  year={2012},
  publisher={JMLR. org}
}

@article{ventura2008jclec,
  title={JCLEC: a Java framework for evolutionary computation},
  author={Ventura, Sebasti{\'a}n and Romero, Crist{\'o}bal and Zafra, Amelia and Delgado, Jos{\'e} A and Herv{\'a}s, C{\'e}sar},
  journal={Soft Computing},
  volume={12},
  number={4},
  pages={381--392},
  year={2008},
  publisher={Springer}
}

@article{liefooghe2011software,
  title={A software framework based on a conceptual unified model for evolutionary multiobjective optimization: {ParadisEO-MOEO}},
  author={Liefooghe, Arnaud and Jourdan, Laetitia and Talbi, El-Ghazali},
  journal={European Journal of Operational Research},
  volume={209},
  number={2},
  pages={104--112},
  year={2011},
  publisher={Elsevier}
}

@unpublished{luke2006ecj,
  title={{ECJ: A Java-based evolutionary computation research system}},
  author={Luke, Sean and Panait, Liviu and Balan, Gabriel and Paus, Sean and Skolicki, Zbigniew and Bassett, Jeff and Hubley, Robert and Chircop, A},
  note={Downloadable versions and documentation can be found at the following url: http://cs.gmu.edu/eclab/projects/ecj},
  year={2006}
}

@incollection{rivas2014object,
  title={{An Object-Oriented Library in JavaScript to Build Modular and Flexible Cross-Platform Evolutionary Algorithms}},
  author={Rivas, V{\'\i}ctor M and Merelo Guerv{\'o}s, Juan-Juli{\'a}n and L{\'o}pez, Gustavo Romero and Arenas-Garc{\'\i}a, Maribel and Mora, Antonio M},
  booktitle={Applications of Evolutionary Computation},
  pages={853--862},
  year={2014},
  publisher={Springer}
}
